% This file was created with JabRef 2.10.
% Encoding: Cp1252


@InProceedings{Belh2008,
  Title                    = {Searching the World's Herbaria: A System for Visual Identification of Plant Species.},
  Author                   = {Peter N. Belhumeur and Daozheng Chen and Steven Feiner and David W. Jacobs and W. John Kress and Haibin Ling and Ida C. Lopez and Ravi Ramamoorthi and Sameer Sheorey and Sean White and Ling Zhang},
  Booktitle                = {ECCV (4)},
  Year                     = {2008},
  Editor                   = {David A. Forsyth and Philip H. S. Torr and Andrew Zisserman},
  Pages                    = {116--129},
  Publisher                = {Springer},
  Series                   = {Lecture Notes in Computer Science},
  Volume                   = {5305},

  Added-at                 = {2012-09-26T00:00:00.000+0200},
  Crossref                 = {conf/eccv/2008-4},
  Interhash                = {096be3792097bf04a6797a0ed40d9843},
  Intrahash                = {85b0bbab3dc47885d3e1a9c9f09ca85f},
  ISBN                     = {978-3-540-88692-1},
  Keywords                 = {dblp},
  Timestamp                = {2012-09-27T11:42:11.000+0200},
  Url                      = {http://dblp.uni-trier.de/db/conf/eccv/eccv2008-4.html#BelhumeurCFJKLLRSWZ08; http://dx.doi.org/10.1007/978-3-540-88693-8_9; http://www.bibsonomy.org/bibtex/285b0bbab3dc47885d3e1a9c9f09ca85f/dblp},
  X-fetchedfrom            = {Bibsonomy}
}

@InProceedings{Goea2011,
  Title                    = {The CLEF 2011 Plant Images Classification Task.},
  Author                   = {Herv\'{e} Go\"{e}au and Pierre Bonnet and Alexis Joly and Nozha Boujemaa and Daniel Barthelemy and Jean-Fran\c{c}ois Molino and Philippe Birnbaum and Elise Mouysset and Marie Picard},
  Booktitle                = {CLEF (Notebook Papers/Labs/Workshop)},
  Year                     = {2011},
  Editor                   = {Vivien Petras and Pamela Forner and Paul D. Clough},
  Publisher                = {CEUR-WS.org},
  Series                   = {CEUR Workshop Proceedings},
  Volume                   = {1177},

  Added-at                 = {2014-09-24T00:00:00.000+0200},
  Crossref                 = {conf/clef/2011w},
  Interhash                = {8be142b6a1d0a6012a079df2a9d911cc},
  Intrahash                = {13a93b8693e8032f912c60977c8568c6},
  ISBN                     = {978-88-904810-1-7},
  Keywords                 = {dblp},
  Timestamp                = {2015-12-10T11:53:57.000+0100},
  Url                      = {http://dblp.uni-trier.de/db/conf/clef/clef2011w.html#GoeauBJBBMBMP11; http://www.clef-initiative.eu/documents/71612/86377/CLEF2011wn-ImageCLEF-GoeauEt2011.pdf; http://www.bibsonomy.org/bibtex/213a93b8693e8032f912c60977c8568c6/dblp},
  X-fetchedfrom            = {Bibsonomy}
}

@InProceedings{Kuma2012,
  Title                    = {Leafsnap: A Computer Vision System for Automatic Plant Species Identification.},
  Author                   = {Neeraj Kumar and Peter N. Belhumeur and Arijit Biswas and David W. Jacobs and W. John Kress and Ida C. Lopez and Jo\~{a}o V. B. Soares},
  Booktitle                = {ECCV (2)},
  Year                     = {2012},
  Editor                   = {Andrew W. Fitzgibbon and Svetlana Lazebnik and Pietro Perona and Yoichi Sato and Cordelia Schmid},
  Pages                    = {502--516},
  Publisher                = {Springer},
  Series                   = {Lecture Notes in Computer Science},
  Volume                   = {7573},

  Added-at                 = {2012-09-26T00:00:00.000+0200},
  Crossref                 = {conf/eccv/2012-2},
  Interhash                = {65e30b21aa4c0206a7dd8cde0a7334a4},
  Intrahash                = {ffa98d3b56ae56ad69b5fb8b74971777},
  ISBN                     = {978-3-642-33708-6},
  Keywords                 = {dblp},
  Timestamp                = {2012-09-27T11:38:44.000+0200},
  Url                      = {http://dblp.uni-trier.de/db/conf/eccv/eccv2012-2.html#KumarBBJKLS12; http://dx.doi.org/10.1007/978-3-642-33709-3_36; http://www.bibsonomy.org/bibtex/2ffa98d3b56ae56ad69b5fb8b74971777/dblp},
  X-fetchedfrom            = {Bibsonomy}
}

@InProceedings{Wang2011,
  Title                    = {Leaf Image Classification with Shape Context and SIFT Descriptors.},
  Author                   = {Zhiyong Wang and Bin Lu and Zheru Chi and David Dagan Feng},
  Booktitle                = {DICTA},
  Year                     = {2011},
  Editor                   = {Andrew P. Bradley and Paul T. Jackway},
  Pages                    = {650--654},
  Publisher                = {IEEE Computer Society},

  Added-at                 = {2014-09-21T00:00:00.000+0200},
  Crossref                 = {conf/dicta/2011},
  Interhash                = {46742a2a6d1532d917ba7e4fb70a6948},
  Intrahash                = {7220809a34cdece0cd1cf8a8f7714c37},
  ISBN                     = {978-1-4577-2006-2},
  Keywords                 = {dblp},
  Timestamp                = {2015-06-18T20:04:23.000+0200},
  Url                      = {http://dblp.uni-trier.de/db/conf/dicta/dicta2011.html#WangLCF11; http://doi.ieeecomputersociety.org/10.1109/DICTA.2011.115; http://www.bibsonomy.org/bibtex/27220809a34cdece0cd1cf8a8f7714c37/dblp},
  X-fetchedfrom            = {Bibsonomy}
}

@Article{Du2013,
  Title                    = {Recognition of plant leaf image based on fractal dimension features.},
  Author                   = {Ji-Xiang Du and Chuan-Min Zhai and Qing-Ping Wang},
  Journal                  = {Neurocomputing},
  Year                     = {2013},
  Pages                    = {150--156},
  Volume                   = {116},

  Added-at                 = {2013-06-19T00:00:00.000+0200},
  Interhash                = {8606d2bbc2175131f011d416954c925d},
  Intrahash                = {4e6b9e24baa43b278592c06795e138f9},
  Keywords                 = {dblp},
  Timestamp                = {2013-08-13T14:16:16.000+0200},
  Url                      = {http://dblp.uni-trier.de/db/journals/ijon/ijon116.html#DuZW13; http://dx.doi.org/10.1016/j.neucom.2012.03.028; http://www.bibsonomy.org/bibtex/24e6b9e24baa43b278592c06795e138f9/dblp},
  X-fetchedfrom            = {Bibsonomy}
}

@Article{Huan2015,
  Title                    = {High-Order Topology Modeling of Visual Words for Image Classification.},
  Author                   = {Kaiqi Huang and Chong Wang and Dacheng Tao},
  Journal                  = {IEEE Transactions on Image Processing},
  Year                     = {2015},
  Number                   = {11},
  Pages                    = {3598--3608},
  Volume                   = {24},

  Added-at                 = {2015-09-23T00:00:00.000+0200},
  Interhash                = {1887a00c819bff8d414184f73f68abbf},
  Intrahash                = {32f73a2e784c2850cccb3233962f1efb},
  Keywords                 = {dblp},
  Timestamp                = {2015-09-24T11:33:16.000+0200},
  Url                      = {http://dblp.uni-trier.de/db/journals/tip/tip24.html#HuangWT15; http://dx.doi.org/10.1109/TIP.2015.2449081; http://www.bibsonomy.org/bibtex/232f73a2e784c2850cccb3233962f1efb/dblp},
  X-fetchedfrom            = {Bibsonomy}
}

@Misc{imageclef2012,
  Title                    = {{Plant Identification 2012 | ImageCLEF}},

  Author                   = {{ImageCLEF}},
  Note                     = {[Online; accessed 4 February 2016]},
  Year                     = {2012},

  Url                      = {http://www.imageclef.org/2012/plant}
}

@Article{Kaly2015,
  Title                    = {Geometric leaf classification.},
  Author                   = {Cem Kalyoncu and \"{O}nsen Toygar},
  Journal                  = {Computer Vision and Image Understanding},
  Year                     = {2015},
  Pages                    = {102--109},
  Volume                   = {133},

  Added-at                 = {2015-03-19T00:00:00.000+0100},
  Interhash                = {647d0f37f03b3b9d01887504b2132d37},
  Intrahash                = {f45f007fddaf97f78dd6dcce1a3f15ed},
  Keywords                 = {dblp},
  Timestamp                = {2015-06-18T08:49:39.000+0200},
  Url                      = {http://dblp.uni-trier.de/db/journals/cviu/cviu133.html#KalyoncuT15; http://dx.doi.org/10.1016/j.cviu.2014.11.001; http://www.bibsonomy.org/bibtex/2f45f007fddaf97f78dd6dcce1a3f15ed/dblp},
  X-fetchedfrom            = {Bibsonomy}
}

@Article{Lee2016,
  Title                    = {Classification of leaf images.},
  Author                   = {Chia-Ling Lee and Shu-Yuan Chen},
  Journal                  = {Int. J. Imaging Systems and Technology},
  Year                     = {2006},
  Number                   = {1},
  Pages                    = {15--23},
  Volume                   = {16},

  Added-at                 = {2013-04-24T00:00:00.000+0200},
  Interhash                = {38ba9e5d82bb0a494cc2b6d541862b6c},
  Intrahash                = {8e62295c4aeb7faec773f0911ac64a8f},
  Keywords                 = {dblp},
  Timestamp                = {2013-08-13T13:27:25.000+0200},
  Url                      = {http://dblp.uni-trier.de/db/journals/imst/imst16.html#LeeC06; http://dx.doi.org/10.1002/ima.20063; http://www.bibsonomy.org/bibtex/28e62295c4aeb7faec773f0911ac64a8f/dblp},
  X-fetchedfrom            = {Bibsonomy}
}

@InProceedings{Lowe1999,
  Title                    = {Object Recognition from Local Scale-Invariant Features},
  Author                   = {David G. Lowe},
  Booktitle                = {Proc. of the International Conference on Computer Vision, Corfu},
  Year                     = {1999},

  Added-at                 = {2010-02-09T14:13:37.000+0100},
  Biburl                   = {http://www.bibsonomy.org/bibtex/2d8bed1c69f407a0733c90b91deeccf60/xarabas},
  File                     = {D\:\\Dokumenter\\Articles\\pdf\\1999 Object Recognition from Local Scale-Invariant Features.pdf},
  Interhash                = {dfbf32ce201195976a7c73a116396443},
  Intrahash                = {d8bed1c69f407a0733c90b91deeccf60},
  Keywords                 = {thesis yahoo! algorithms barcelona recognition vision},
  Timestamp                = {2010-02-09T14:13:37.000+0100},
  X-fetchedfrom            = {Bibsonomy}
}

@InProceedings{Nguy2013,
  Title                    = {{Leaf based plant identification system for Android using SURF features in combination with Bag of Words model and supervised learning}},
  Author                   = {Quang-Khue Nguyen and Thi-Lan Le and Ngoc-Hai Pham},
  Booktitle                = {{Advanced Technologies for Communications (ATC), 2013 International Conference on}},
  Year                     = {2013},
  Pages                    = {404--407},
  Publisher                = {IEEE},

  Abstract                 = {Even many works have been proposed for automatic plant identification, there exists very few plant identification applications on the market. To the best of our knowledge, Leafsnap [1] is the first automatic plant identification application. However, this application is dedicated to iOS users and is working with tree species of the Northeastern United States. Today, a huge number of Android users make an interesting market for developing plant identification for Android. The contribution of this paper is two-fold. Firstly, we propose a leaf based plant identification method using SURF features in combination with Bag of Words and supervised learning. This method obtains better results in comparison with other existed methods in the same database. Secondly, we develop a leaf based plant identification system for Android.},
  Doi                      = {10.1109/ATC.2013.6698145},
  ISBN                     = {978-1-4799-1086-1},
  ISSN                     = {2162-1020},
  Url                      = {http://ieeexplore.ieee.org/stamp/stamp.jsp?arnumber=6698145},
  X-fetchedfrom            = {IEEEXplore}
}

@Article{Wang2015,
  Title                    = {License plate recognition},
  Author                   = {Yu Wang and Xiaojuan Ban and Jie Chen and Bo Hu and Xing Yang},
  Journal                  = {Optik},
  Year                     = {2015},
  Number                   = {126},
  Pages                    = {2895--2901},

  Publisher                = {Elsevier}
}

@Article{Zhan2014,
  Title                    = {Orthogonal Maximum Margin Discriminant Projection with Application to Leaf Image Classification.},
  Author                   = {Shanwen Zhang and Xianfeng Wang and Chuanlei Zhang},
  Journal                  = {IJPRAI},
  Year                     = {2014},
  Number                   = {4},
  Volume                   = {28},

  Added-at                 = {2014-07-22T00:00:00.000+0200},
  Interhash                = {ee2dddaaa4c4deef1f88c97c03ae1cd1},
  Intrahash                = {d2b094f6a9575f25488307b621cbe87d},
  Keywords                 = {dblp},
  Timestamp                = {2015-06-18T00:14:28.000+0200},
  Url                      = {http://dblp.uni-trier.de/db/journals/ijprai/ijprai28.html#ZhangWZ14; http://dx.doi.org/10.1142/S0218001414500104; http://www.bibsonomy.org/bibtex/2d2b094f6a9575f25488307b621cbe87d/dblp},
  X-fetchedfrom            = {Bibsonomy}
}

@Article{Zhan2010,
  Title                    = {Understanding bag-of-words model: a statistical framework.},
  Author                   = {Yin Zhang and Rong Jin and Zhi-Hua Zhou},
  Journal                  = {Int. J. Machine Learning \& Cybernetics},
  Year                     = {2010},
  Number                   = {1-4},
  Pages                    = {43--52},
  Volume                   = {1},

  Added-at                 = {2015-03-20T00:00:00.000+0100},
  Interhash                = {3195c8984edb1fed888fb083f9a86af2},
  Intrahash                = {9ccb507dd031153481e300280ababfc1},
  Keywords                 = {dblp},
  Timestamp                = {2015-06-17T22:59:43.000+0200},
  Url                      = {http://dblp.uni-trier.de/db/journals/mlc/mlc1.html#ZhangJZ10; http://dx.doi.org/10.1007/s13042-010-0001-0; http://www.bibsonomy.org/bibtex/29ccb507dd031153481e300280ababfc1/dblp},
  X-fetchedfrom            = {Bibsonomy}
}

